@BOOK(CREM2004,
AUTHOR="Skilbecq, Philippe",
TITLE="Apprenti Géomètre, Rapport 2003--2004",
PUBLISHER="CREM",
ADDRESS="Nivelles",
YEAR=2004,
)

@BOOK(CREM2003,
AUTHOR="Van Troeye, Marie-Françoise",
TITLE="Apprenti Géomètre, Grandeurs, Fractions et Mesures",
PUBLISHER="CREM",
ADDRESS="Nivelles",
YEAR=2003,
)

@BOOK(CREM2005,
AUTHOR="L. Desmet, B. Honclaire, Ph. Mairesse, Ph. Skilbecq, G. Noël, et N. Rouche",
TITLE="Apprenti Géomètre, un outil de différenciation des apprentissages en mathématique",
PUBLISHER="CREM",
ADDRESS="Nivelles",
YEAR=2005,
)

@BOOK(CREM2006,
AUTHOR="N. Rouche et Ph. Skilbecq",
TITLE="Apprenti Géomètre, un atelier pour travailler les mathématiques",
PUBLISHER="CREM",
ADDRESS="Nivelles",
YEAR=2006,
)

@BOOK(CREM2007,
AUTHOR="Sébastien Agie de Selsaten, Bernard Honclaire, Pierrette De Rijck, Michel Herman, Guy
Noël, Philippe Mairesse, Gregory Philippart, Philippe Skilbecq, André Vandenbruaene"
TITLE = "Impact du logiciel "Apprenti Géomètre" sur certains apprentissages",
PUBLISHER="CREM",
ADDRESS="Nivelles",
YEAR=2007,
)



